
@misc{ratti_senseable_2009,
  address = {Geneva, {Switzerland}},
  title = {{SENSEable} {City}},
  timestamp = {2015-01-19T12:39:42Z},
  author = {{Ratti}, Carlo},
  year = {2009}
}

@book{florida_cities_2005,
  title = {Cities and the creative class},
  timestamp = {2015-01-19T12:40:38Z},
  publisher = {{Psychology Press}},
  author = {{Florida}, Richard L},
  year = {2005}
}


